@book {KP_InterpolationFunctorsDuality,
    AUTHOR = {Kaijser, Sten and Pelletier, Joan Wick},
     TITLE = {Interpolation functors and duality},
    SERIES = {Lecture Notes in Mathematics},
    VOLUME = {1208},
 PUBLISHER = {Springer-Verlag, Berlin},
      YEAR = {1986},
     PAGES = {iv+167},
      ISBN = {3-540-16790-0},
   MRCLASS = {46M35 (46M15)},
  MRNUMBER = {864053},
MRREVIEWER = {H.\ Triebel},
       DOI = {10.1007/BFb0077081},
       URL = {https://doi.org/10.1007/BFb0077081},
}

@book {Leinster_BasicCatTheory,
    AUTHOR = {Leinster, Tom},
     TITLE = {Basic category theory},
    SERIES = {Cambridge Studies in Advanced Mathematics},
    VOLUME = {143},
 PUBLISHER = {Cambridge University Press, Cambridge},
      YEAR = {2014},
     PAGES = {viii+183},
      ISBN = {978-1-107-04424-1},
   MRCLASS = {18-01},
  MRNUMBER = {3307165},
MRREVIEWER = {Philippe\ Gaucher},
       DOI = {10.1017/CBO9781107360068},
       URL = {https://doi.org/10.1017/CBO9781107360068},
}

@book {BL_Interpolation_Sps_Book,
    AUTHOR = {Bergh, J\"oran and L\"ofstr\"om, J\"orgen},
     TITLE = {Interpolation spaces. {A}n introduction},
    SERIES = {Grundlehren der Mathematischen Wissenschaften},
    VOLUME = {No. 223},
 PUBLISHER = {Springer-Verlag, Berlin-New York},
      YEAR = {1976},
     PAGES = {x+207},
   MRCLASS = {46M35},
  MRNUMBER = {482275},
}

@article {Runde_ConnesAmen_1,
    AUTHOR = {Runde, Volker},
     TITLE = {Connes-amenability and normal, virtual diagonals for measure
              algebras. {I}},
   JOURNAL = {J. London Math. Soc. (2)},
  FJOURNAL = {Journal of the London Mathematical Society. Second Series},
    VOLUME = {67},
      YEAR = {2003},
    NUMBER = {3},
     PAGES = {643--656},
      ISSN = {0024-6107,1469-7750},
   MRCLASS = {43A10 (22D15 43A20 43A60 46H05 46L10)},
  MRNUMBER = {1967697},
MRREVIEWER = {Adolf\ R.\ Mirotin},
       DOI = {10.1112/S0024610703004125},
       URL = {https://doi.org/10.1112/S0024610703004125},
}
