@book {TakesakiI,
    AUTHOR = {Takesaki, M.},
     TITLE = {Theory of operator algebras. {I}},
    SERIES = {Encyclopaedia of Mathematical Sciences},
    VOLUME = {124},
      NOTE = {Reprint of the first (1979) edition,
              Operator Algebras and Non-commutative Geometry, 5},
 PUBLISHER = {Springer-Verlag, Berlin},
      YEAR = {2002},
     PAGES = {xx+415},
      ISBN = {3-540-42248-X},
   MRCLASS = {46Lxx (46-01)},
  MRNUMBER = {1873025},
}

@book {BrownOzawa,
    AUTHOR = {Brown, Nathanial P. and Ozawa, Narutaka},
     TITLE = {{$C^*$}-algebras and finite-dimensional approximations},
    SERIES = {Graduate Studies in Mathematics},
    VOLUME = {88},
 PUBLISHER = {American Mathematical Society, Providence, RI},
      YEAR = {2008},
     PAGES = {xvi+509},
      ISBN = {978-0-8218-4381-9; 0-8218-4381-8},
   MRCLASS = {46L05 (43A07 46-02 46L10)},
  MRNUMBER = {2391387},
MRREVIEWER = {Mikael\ R\o rdam},
       DOI = {10.1090/gsm/088},
       URL = {https://doi.org/10.1090/gsm/088},
}

@article {Kadison_Schwarz_Inequality,
    AUTHOR = {Kadison, Richard V.},
     TITLE = {A generalized {S}chwarz inequality and algebraic invariants
              for operator algebras},
   JOURNAL = {Ann. of Math. (2)},
  FJOURNAL = {Annals of Mathematics. Second Series},
    VOLUME = {56},
      YEAR = {1952},
     PAGES = {494--503},
      ISSN = {0003-486X},
   MRCLASS = {46.0X},
  MRNUMBER = {51442},
MRREVIEWER = {C.\ E.\ Rickart},
       DOI = {10.2307/1969657},
       URL = {https://doi.org/10.2307/1969657},
}

@book {Blackadar_OperatorAlgebrasBook,
    AUTHOR = {Blackadar, B.},
     TITLE = {Operator algebras},
    SERIES = {Encyclopaedia of Mathematical Sciences},
    VOLUME = {122},
      NOTE = {Theory of $C^*$-algebras and von Neumann algebras,
              Operator Algebras and Non-commutative Geometry, III},
 PUBLISHER = {Springer-Verlag, Berlin},
      YEAR = {2006},
     PAGES = {xx+517},
      ISBN = {978-3-540-28486-4; 3-540-28486-9},
   MRCLASS = {46L05 (46L10 46L80)},
  MRNUMBER = {2188261},
MRREVIEWER = {Paul\ Jolissaint},
       DOI = {10.1007/3-540-28517-2},
       URL = {https://doi.org/10.1007/3-540-28517-2},
}

@book {SinclairSmith_FiniteVNBook,
    AUTHOR = {Sinclair, Allan M. and Smith, Roger R.},
     TITLE = {Finite von {N}eumann algebras and masas},
    SERIES = {London Mathematical Society Lecture Note Series},
    VOLUME = {351},
 PUBLISHER = {Cambridge University Press, Cambridge},
      YEAR = {2008},
     PAGES = {x+400},
      ISBN = {978-0-521-71919-3},
   MRCLASS = {46L10},
  MRNUMBER = {2433341},
MRREVIEWER = {Paul Jolissaint},
       DOI = {10.1017/CBO9780511666230},
       URL = {https://doi.org/10.1017/CBO9780511666230},
}

@article {Umegaki_CondExp2,
    AUTHOR = {Umegaki, Hisaharu},
     TITLE = {Conditional expectation in an operator algebra. {II}},
   JOURNAL = {Tohoku Math. J. (2)},
  FJOURNAL = {The Tohoku Mathematical Journal. Second Series},
    VOLUME = {8},
      YEAR = {1956},
     PAGES = {86--100},
      ISSN = {0040-8735,2186-585X},
   MRCLASS = {46.2X},
  MRNUMBER = {90789},
MRREVIEWER = {J.\ Feldman},
       DOI = {10.2748/tmj/1178245011},
       URL = {https://doi.org/10.2748/tmj/1178245011},
}

@book {TakesakiII,
    AUTHOR = {Takesaki, M.},
     TITLE = {Theory of operator algebras. {II}},
    SERIES = {Encyclopaedia of Mathematical Sciences},
    VOLUME = {125},
      NOTE = {Operator Algebras and Non-commutative Geometry, 6},
 PUBLISHER = {Springer-Verlag, Berlin},
      YEAR = {2003},
     PAGES = {xxii+518},
      ISBN = {3-540-42914-X},
   MRCLASS = {46L10 (47L35 47L55)},
  MRNUMBER = {1943006},
MRREVIEWER = {Robert S. Doran},
       DOI = {10.1007/978-3-662-10451-4},
       URL = {https://doi.org/10.1007/978-3-662-10451-4},
}
