@book {TakesakiI,
    AUTHOR = {Takesaki, M.},
     TITLE = {Theory of operator algebras. {I}},
    SERIES = {Encyclopaedia of Mathematical Sciences},
    VOLUME = {124},
      NOTE = {Reprint of the first (1979) edition,
              Operator Algebras and Non-commutative Geometry, 5},
 PUBLISHER = {Springer-Verlag, Berlin},
      YEAR = {2002},
     PAGES = {xx+415},
      ISBN = {3-540-42248-X},
   MRCLASS = {46Lxx (46-01)},
  MRNUMBER = {1873025},
}

@MISC {4728018,
    TITLE = {Isomorphic von Neumann algebras have spatially equivalent amplifications},
    AUTHOR = {Matthew Daws (https://math.stackexchange.com/users/1438/matthew-daws)},
    HOWPUBLISHED = {Mathematics Stack Exchange},
    NOTE = {URL:https://math.stackexchange.com/q/4728018 (version: 2023-06-30)},
    EPRINT = {https://math.stackexchange.com/q/4728018},
    URL = {https://math.stackexchange.com/q/4728018}
}

@misc {JonesNotes,
   TITLE = {Von {N}eumann {A}lgebras},
   author = {Vaughan F. R. Jones},
   URL = {https://my.vanderbilt.edu/jonesvf/files/2020/10/vonNeumann2015.pdf},
   note = {https://my.vanderbilt.edu/jonesvf/files/2020/10/vonNeumann2015.pdf}
}

@book {KadisonRingroseII,
    AUTHOR = {Kadison, Richard V. and Ringrose, John R.},
     TITLE = {Fundamentals of the theory of operator algebras. {V}ol. {II}},
    SERIES = {Graduate Studies in Mathematics},
    VOLUME = {16},
      NOTE = {Advanced theory,
              Corrected reprint of the 1986 original},
 PUBLISHER = {American Mathematical Society, Providence, RI},
      YEAR = {1997},
     PAGES = {i--xxii and 399--1074},
      ISBN = {0-8218-0820-6},
   MRCLASS = {46-01 (46-02 46Lxx 47-01 47-02 47Dxx)},
  MRNUMBER = {1468230},
       DOI = {10.1090/gsm/016},
       URL = {https://doi.org/10.1090/gsm/016},
}

@book {Blackadar_OperatorAlgebrasBook,
    AUTHOR = {Blackadar, B.},
     TITLE = {Operator algebras},
    SERIES = {Encyclopaedia of Mathematical Sciences},
    VOLUME = {122},
      NOTE = {Theory of $C^*$-algebras and von Neumann algebras,
              Operator Algebras and Non-commutative Geometry, III},
 PUBLISHER = {Springer-Verlag, Berlin},
      YEAR = {2006},
     PAGES = {xx+517},
      ISBN = {978-3-540-28486-4; 3-540-28486-9},
   MRCLASS = {46L05 (46L10 46L80)},
  MRNUMBER = {2188261},
MRREVIEWER = {Paul\ Jolissaint},
       DOI = {10.1007/3-540-28517-2},
       URL = {https://doi.org/10.1007/3-540-28517-2},
}

@book {BR_OpAlgBook_1,
    AUTHOR = {Bratteli, Ola and Robinson, Derek W.},
     TITLE = {Operator algebras and quantum statistical mechanics. 1},
    SERIES = {Texts and Monographs in Physics},
   EDITION = {Second},
      NOTE = {$C^\ast$- and $W^\ast$-algebras, symmetry groups,
              decomposition of states},
 PUBLISHER = {Springer-Verlag, New York},
      YEAR = {1987},
     PAGES = {xiv+505},
      ISBN = {0-387-17093-6},
   MRCLASS = {46Lxx (81-02 82-02)},
  MRNUMBER = {887100},
       DOI = {10.1007/978-3-662-02520-8},
       URL = {https://doi.org/10.1007/978-3-662-02520-8},
}
