@article {matsuda_class_m2,
    AUTHOR = {Matsuda, Junichiro},
     TITLE = {Classification of quantum graphs on {$M_2$} and their quantum
              automorphism groups},
   JOURNAL = {J. Math. Phys.},
  FJOURNAL = {Journal of Mathematical Physics},
    VOLUME = {63},
      YEAR = {2022},
    NUMBER = {9},
     PAGES = {Paper No. 092201, 34},
      ISSN = {0022-2488},
   MRCLASS = {47N50 (81P45 81Q35)},
  MRNUMBER = {4481115},
MRREVIEWER = {Danilo Latini},
       DOI = {10.1063/5.0081059},
       URL = {https://doi.org/10.1063/5.0081059},
}

@misc{Yamashita_QG_Notes,
  author        = {Makoto Yamashita},
  title         = {Lecture note on Quantum Graphs},
  month         = {November},
  year          = {2024}
}

@article {Wasilewski_Quantum_Cayley,
    AUTHOR = {Wasilewski, Mateusz},
     TITLE = {On quantum {C}ayley graphs},
   JOURNAL = {Doc. Math.},
  FJOURNAL = {Documenta Mathematica},
    VOLUME = {29},
      YEAR = {2024},
    NUMBER = {6},
     PAGES = {1281--1317},
      ISSN = {1431-0635},
   MRCLASS = {46L89 (46L67)},
  MRNUMBER = {4831258},
       DOI = {10.4171/dm/987},
       URL = {https://doi.org/10.4171/dm/987},
}

@article {daws_quantum_graphs,
    AUTHOR = {Daws, Matthew},
     TITLE = {Quantum graphs: different perspectives, homomorphisms and
              quantum automorphisms},
   JOURNAL = {Commun. Am. Math. Soc.},
  FJOURNAL = {Communications of the American Mathematical Society},
    VOLUME = {4},
      YEAR = {2024},
     PAGES = {117--181},
      ISSN = {2692-3688},
   MRCLASS = {46L89 (05C25 15A30 20G42 47L25 81P47)},
  MRNUMBER = {4706978},
       DOI = {10.1090/cams/30},
       URL = {https://doi.org/10.1090/cams/30},
}
