@book {TakesakiII,
    AUTHOR = {Takesaki, M.},
     TITLE = {Theory of operator algebras. {II}},
    SERIES = {Encyclopaedia of Mathematical Sciences},
    VOLUME = {125},
      NOTE = {Operator Algebras and Non-commutative Geometry, 6},
 PUBLISHER = {Springer-Verlag, Berlin},
      YEAR = {2003},
     PAGES = {xxii+518},
      ISBN = {3-540-42914-X},
   MRCLASS = {46L10 (47L35 47L55)},
  MRNUMBER = {1943006},
MRREVIEWER = {Robert S. Doran},
       DOI = {10.1007/978-3-662-10451-4},
       URL = {https://doi.org/10.1007/978-3-662-10451-4},
}

@book {Schmudgen_UnboundedBook,
    AUTHOR = {Schm\"{u}dgen, Konrad},
     TITLE = {Unbounded self-adjoint operators on {H}ilbert space},
    SERIES = {Graduate Texts in Mathematics},
    VOLUME = {265},
 PUBLISHER = {Springer, Dordrecht},
      YEAR = {2012},
     PAGES = {xx+432},
      ISBN = {978-94-007-4752-4},
   MRCLASS = {47-01 (47B25 47E05)},
  MRNUMBER = {2953553},
MRREVIEWER = {G. V. Rozenblum},
       DOI = {10.1007/978-94-007-4753-1},
       URL = {https://doi.org/10.1007/978-94-007-4753-1},
}

@book {Stratila_ModTheoryBook,
    AUTHOR = {Str\u{a}til\u{a}, \c{S}erban},
     TITLE = {Modular theory in operator algebras},
      NOTE = {Translated from the Romanian by the author},
 PUBLISHER = {Editura Academiei Republicii Socialiste Rom\^{a}nia, Bucharest;
              Abacus Press, Tunbridge Wells},
      YEAR = {1981},
     PAGES = {492},
      ISBN = {0-85626-190-4},
   MRCLASS = {46Lxx},
  MRNUMBER = {696172},
MRREVIEWER = {Trond Digernes},
}

@misc{kustermans1997kmsweightscalgebras,
      title={{KMS}-weights on {C}*-algebras}, 
      author={Johan Kustermans},
      year={1997},
      eprint={funct-an/9704008},
      archivePrefix={arXiv},
      primaryClass={funct-an},
      url={https://arxiv.org/abs/funct-an/9704008}, 
   note={arXiv:funct-an/9704008}
}
