@book {TakesakiI,
    AUTHOR = {Takesaki, M.},
     TITLE = {Theory of operator algebras. {I}},
    SERIES = {Encyclopaedia of Mathematical Sciences},
    VOLUME = {124},
      NOTE = {Reprint of the first (1979) edition,
              Operator Algebras and Non-commutative Geometry, 5},
 PUBLISHER = {Springer-Verlag, Berlin},
      YEAR = {2002},
     PAGES = {xx+415},
      ISBN = {3-540-42248-X},
   MRCLASS = {46Lxx (46-01)},
  MRNUMBER = {1873025},
}

@book {TakesakiII,
    AUTHOR = {Takesaki, M.},
     TITLE = {Theory of operator algebras. {II}},
    SERIES = {Encyclopaedia of Mathematical Sciences},
    VOLUME = {125},
      NOTE = {Operator Algebras and Non-commutative Geometry, 6},
 PUBLISHER = {Springer-Verlag, Berlin},
      YEAR = {2003},
     PAGES = {xxii+518},
      ISBN = {3-540-42914-X},
   MRCLASS = {46L10 (47L35 47L55)},
  MRNUMBER = {1943006},
MRREVIEWER = {Robert S. Doran},
       DOI = {10.1007/978-3-662-10451-4},
       URL = {https://doi.org/10.1007/978-3-662-10451-4},
}

@book {Stratila_ModTheoryBook,
    AUTHOR = {Str\u{a}til\u{a}, \c{S}erban},
     TITLE = {Modular theory in operator algebras},
      NOTE = {Translated from the Romanian by the author},
 PUBLISHER = {Editura Academiei Republicii Socialiste Rom\^{a}nia, Bucharest;
              Abacus Press, Tunbridge Wells},
      YEAR = {1981},
     PAGES = {492},
      ISBN = {0-85626-190-4},
   MRCLASS = {46Lxx},
  MRNUMBER = {696172},
MRREVIEWER = {Trond Digernes},
}

@book {StratilaZsido,
    AUTHOR = {Str\u{a}til\u{a}, \c{S}erban and Zsid\'o, L\'aszl\'o},
     TITLE = {Lectures on von {N}eumann algebras},
      NOTE = {Revision of the 1975 original,
              Translated from the Romanian by Silviu Teleman},
 PUBLISHER = {Editura Academiei, Bucharest; Abacus Press, Tunbridge Wells},
      YEAR = {1979},
     PAGES = {478},
      ISBN = {0-85626-109-2},
   MRCLASS = {46Lxx},
  MRNUMBER = {526399},
MRREVIEWER = {E.\ St\o rmer},
}

@book {KadisonRingroseI,
    AUTHOR = {Kadison, Richard V. and Ringrose, John R.},
     TITLE = {Fundamentals of the theory of operator algebras. {V}ol. {I}},
    SERIES = {Graduate Studies in Mathematics},
    VOLUME = {15},
      NOTE = {Elementary theory,
              Reprint of the 1983 original},
 PUBLISHER = {American Mathematical Society, Providence, RI},
      YEAR = {1997},
     PAGES = {xvi+398},
      ISBN = {0-8218-0819-2},
   MRCLASS = {46-01 (46-02 46Lxx 47-01 47-02 47Dxx)},
  MRNUMBER = {1468229},
       DOI = {10.1090/gsm/015},
       URL = {https://doi.org/10.1090/gsm/015},
}

@book {KadisonRingroseII,
    AUTHOR = {Kadison, Richard V. and Ringrose, John R.},
     TITLE = {Fundamentals of the theory of operator algebras. {V}ol. {II}},
    SERIES = {Graduate Studies in Mathematics},
    VOLUME = {16},
      NOTE = {Advanced theory,
              Corrected reprint of the 1986 original},
 PUBLISHER = {American Mathematical Society, Providence, RI},
      YEAR = {1997},
     PAGES = {i--xxii and 399--1074},
      ISBN = {0-8218-0820-6},
   MRCLASS = {46-01 (46-02 46Lxx 47-01 47-02 47Dxx)},
  MRNUMBER = {1468230},
       DOI = {10.1090/gsm/016},
       URL = {https://doi.org/10.1090/gsm/016},
}

@book {Blackadar_OperatorAlgebrasBook,
    AUTHOR = {Blackadar, B.},
     TITLE = {Operator algebras},
    SERIES = {Encyclopaedia of Mathematical Sciences},
    VOLUME = {122},
      NOTE = {Theory of $C^*$-algebras and von Neumann algebras,
              Operator Algebras and Non-commutative Geometry, III},
 PUBLISHER = {Springer-Verlag, Berlin},
      YEAR = {2006},
     PAGES = {xx+517},
      ISBN = {978-3-540-28486-4; 3-540-28486-9},
   MRCLASS = {46L05 (46L10 46L80)},
  MRNUMBER = {2188261},
MRREVIEWER = {Paul\ Jolissaint},
       DOI = {10.1007/3-540-28517-2},
       URL = {https://doi.org/10.1007/3-540-28517-2},
}
